<?xml version="1.0" encoding="UTF-8"?>
<record xmlns="http://www.loc.gov/MARC21/slim">
   <leader>01419cam a2200277 a 4500</leader>
   <controlfield tag="001">822534</controlfield>
   <controlfield tag="003">NjP</controlfield>
   <controlfield tag="005">20171024104330.0</controlfield>
   <controlfield tag="008">930721s1908    tu            000 0 ara d</controlfield>
   <datafield tag="024" ind1="7" ind2=" ">
      <subfield code="a">princeton_aco004125</subfield>
      <subfield code="2">local</subfield>
   </datafield>
   <datafield ind1=" " ind2=" " tag="035">
      <subfield code="a">(OCoLC)28545272</subfield>
   </datafield>
   <datafield ind1=" " ind2=" " tag="035">
      <subfield code="a">(CStRLIN)NJPG93-B39572</subfield>
   </datafield>
   <datafield ind1=" " ind2=" " tag="035">
      <subfield code="9">AEB6030TS</subfield>
   </datafield>
   <datafield ind1=" " ind2=" " tag="040">
      <subfield code="a">NjP</subfield>
      <subfield code="c">NjP</subfield>
   </datafield>
   <datafield ind1="1" ind2=" " tag="100">
      <subfield code="a">Shawkat, Shahrī Muṣṭafá.</subfield>
   </datafield>
   <datafield ind1="1" ind2="0" tag="240">
      <subfield code="a">Ḥāshiyah ʻalá Sharḥ al-Uṣūl al-ḥadīth</subfield>
   </datafield>
   <datafield ind1="1" ind2="0" tag="245">
      <subfield code="a">Hādhihi ḥawāsh lil-ustādh al-fāḍil al-mashhūr bi-Shahrī Muṣṭafá Shawkat Afandī taghammadahu Allāh taʻālá bi-luṭfihi al-abadī ʻalá Dāwūd al-Qārṣī Sharḥ Uṣūl al-ḥadīth lil-Imām al-Birkī.</subfield>
   </datafield>
   <datafield ind1=" " ind2=" " tag="260">
      <subfield code="a">[Istanbul?] :</subfield>
      <subfield code="b">Matbaası Mahmut Beğ,</subfield>
      <subfield code="c">1326 [1908 or 1909]</subfield>
   </datafield>
   <datafield ind1=" " ind2=" " tag="300">
      <subfield code="a">48 p. ;</subfield>
      <subfield code="c">24 cm.</subfield>
   </datafield>
   <datafield ind1="0" ind2="0" tag="600">
      <subfield code="a">Birgivî Mehmet Efendi,</subfield>
      <subfield code="d">approximately 1522-1573.</subfield>
      <subfield code="t">Uṣūl al-ḥadīth.</subfield>
   </datafield>
   <datafield ind1="1" ind2="0" tag="600">
      <subfield code="a">Qarṣī, Dāwūd ibn Muḥammad,</subfield>
      <subfield code="d">d. 1747 or 8.</subfield>
      <subfield code="t">Sharḥ Uṣūl al-ḥadīth.</subfield>
   </datafield>
   <datafield ind1=" " ind2="0" tag="650">
      <subfield code="a">Hadith</subfield>
      <subfield code="x">Criticism, interpretation, etc.</subfield>
      <subfield code="x">Early works to 1800.</subfield>
   </datafield>
   <datafield ind1="1" ind2="2" tag="700">
      <subfield code="a">Qarṣī, Dāwūd ibn Muḥammad,</subfield>
      <subfield code="d">d. 1747 or 8.</subfield>
      <subfield code="t">Sharḥ Uṣūl al-ḥadīth.</subfield>
      <subfield code="f">1908.</subfield>
      <subfield code="0">http://id.loc.gov/authorities/names/nr91023659</subfield>
   </datafield>
   <datafield ind1="0" ind2=" " tag="740">
      <subfield code="a">Sharḥ Uṣūl al-ḥadīth.</subfield>
   </datafield>
   <datafield ind1="4" ind2=" " tag="856">
      <subfield code="u">http://hdl.handle.net/2027/njp.32101076410701</subfield>
   </datafield>
   <datafield ind1=" " ind2=" " tag="998">
      <subfield code="a">07/23/93</subfield>
      <subfield code="s">9114</subfield>
      <subfield code="n">NjP</subfield>
      <subfield code="w">NJPG93B39572</subfield>
      <subfield code="d">07/21/93</subfield>
      <subfield code="c">JEB</subfield>
      <subfield code="b">JEB</subfield>
      <subfield code="i">930723</subfield>
      <subfield code="l">NJPG</subfield>
   </datafield>
   <datafield ind1=" " ind2=" " tag="911">
      <subfield code="a">19930731</subfield>
   </datafield>
   <datafield ind1=" " ind2=" " tag="912">
      <subfield code="a">19930723000000.0</subfield>
   </datafield>
   <datafield ind1="8" ind2="0" tag="852">
      <subfield code="0">935108</subfield>
      <subfield code="b">rcppa</subfield>
      <subfield code="t">1</subfield>
      <subfield code="h">2270.01.9214 1908</subfield>
      <subfield code="x">tr fr f</subfield>
   </datafield>
   <datafield ind1="8" ind2=" " tag="852">
      <subfield code="0">8684350</subfield>
      <subfield code="b">elf1</subfield>
      <subfield code="h">Electronic Resource</subfield>
   </datafield>
   <datafield ind1=" " ind2=" " tag="959">
      <subfield code="a">2000-06-08 00:00:00 -0400</subfield>
   </datafield>
</record>
